@article{Kanamori1972346,
title = "Mechanism of tsunami earthquakes ",
journal = "Physics of the Earth and Planetary Interiors ",
volume = 6,
number = 5,
pages = "346 - 359",
year = 1972,
issn = "0031-9201",
doi = "http://dx.doi.org/10.1016/0031-9201(72)90058-1",
url = "http://www.sciencedirect.com/science/article/pii/0031920172900581",
author = "Hiroo Kanamori"
}

@article {ABE19791561,
author = {Abe, Katsuyuki},
title = {Size of great earthquakes of 1837–1974 inferred from tsunami data},
journal = {Journal of Geophysical Research: Solid Earth},
volume = 84,
number = {B4},
issn = {2156-2202},
url = {http://dx.doi.org/10.1029/JB084iB04p01561},
doi = {10.1029/JB084iB04p01561},
pages = {1561--1568},
keywords = {Seismology: Seismic sources (mechanisms, magnitude, frequency spectrum, and time distribution)},
year = 1979,
}

@article{Shuto1991171,
year=1991,
issn={0921-030X},
journal={Natural Hazards},
volume=4,
number={2-3},
doi={10.1007/BF00162786},
title={Numerical simulation of tsunamis — Its present and near future},
url={http://dx.doi.org/10.1007/BF00162786},
publisher={Kluwer Academic Publishers},
keywords={Tsunami initial profile; tsunami propagation; tsunami run-up; tsunami numerical simulation; tsunami secondary disaster; computer graphics},
author={Shuto, N.},
pages={171-191},
language={English}
}

@article{Titov23092005,
author = {Titov, Vasily and Rabinovich, Alexander B. and Mofjeld, Harold O. and Thomson, Richard E. and González, Frank I.}, 
title = {The Global Reach of the 26 {December} 2004 {Sumatra} Tsunami},
volume = 309, 
number = 5743, 
pages = {2045-2048}, 
year = 2005, 
doi = {10.1126/science.1114576}, 
URL = {http://www.sciencemag.org/content/309/5743/2045.abstract}, 
eprint = {http://www.sciencemag.org/content/309/5743/2045.full.pdf}, 
journal = {Science} 
}

@article{Grilli2007414,
author = {Grilli, S. and Ioualalen, M. and Asavanant, J. and Shi, F. and Kirby, J. and Watts, P.},
title = {Source Constraints and Model Simulation of the {December} 26, 2004, {Indian} {Ocean} Tsunami},
journal = {Journal of Waterway, Port, Coastal, and Ocean Engineering},
volume = 133,
number = 6,
pages = {414-428},
year = 2007,
doi = {10.1061/(ASCE)0733-950X(2007)133:6(414)},
URL = {http://dx.doi.org/10.1061/(ASCE)0733-950X(2007)133:6(414)},
eprint = {http://dx.doi.org/10.1061/(ASCE)0733-950X(2007)133:6(414)}
}

@book{goto1997iugg,
title={{IUGG/IOC} time project: Numerical method of tsunami simulation with the leap-frog
                  scheme},
author={Goto, C and Ogawa, Y and Shuto, N and Imamura, F},
year=1997,
publisher={Unesco}
}

@article{Tan2009723,
  title={Physically-based fluid animation: A survey},
  author={Tan, Jie and Yang, XuBo},
  journal={Science in China Series F: Information Sciences},
  volume={52},
  number={5},
  pages={723--740},
  year={2009},
  publisher={Springer}
}

@article{Chen1998329,
author = {Shiyi Chen and  Gary D. Doolen},
title = {Lattice Boltzmann method for fluid flows},
journal = {Annual Review of Fluid Mechanics},
volume = 30,
number = 1,
pages = {329-364},
year = 1998,
doi = {10.1146/annurev.fluid.30.1.329},
URL = {http://dx.doi.org/10.1146/annurev.fluid.30.1.329},
eprint = {http://dx.doi.org/10.1146/annurev.fluid.30.1.329}
}

@book{Zhou2004lattice,
  title={Lattice Boltzmann methods for shallow water flows},
  author={Zhou, Jian Guo},
  volume=4,
  year=2004,
  publisher={Springer}
}

@article{Zhou20023527,
  title={A lattice Boltzmann model for the shallow water equations},
  author={Zhou, JG},
  journal={Computer methods in applied mechanics and engineering},
  volume=191,
  number=32,
  pages={3527--3539},
  year=2002,
  publisher={Elsevier}
}

@inproceedings{Bailey2009550,
title={Accelerating lattice Boltzmann fluid flow simulations using graphics processors},
author={Bailey, Peter and Myre, Joe and Walsh, Stuart DC and Lilja, David J and Saar, Martin O},
booktitle={Parallel Processing, 2009. ICPP'09. International Conference on},
pages={550--557},
year=2009,
organization={IEEE}
}

@inproceedings{Krafczyk2007,
title={Towards real-time prediction of tsunami impact effects on nearshore infrastructure},
author={Krafczyk, Manfred and T{\"o}lke, Jonas},
year=2007,
booktitle={{DFG-Round Table Programme "Near and Onshore Tsunami Effects"}}
}

@inproceedings{Janssen2012efficient,
title={Efficient simulations of long wave propagation and runup using a {LBM} approach on {GPGPU} hardware},
author={Jan{\ss}en, Christian F and Grilli, St{\'e}phan T and Krafczyk, Manfred and others},
booktitle={The Twenty-second International Offshore and Polar Engineering Conference},
year=2012,
organization={International Society of Offshore and Polar Engineers}
}

@article{Kuznik20102380,
title = "{LBM} based flow simulation using {GPU} computing processor ",
journal = "Computers \& Mathematics with Applications ",
volume = 59,
number = 7,
pages = "2380 - 2392",
year = 2010,
issn = "0898-1221",
doi = "http://dx.doi.org/10.1016/j.camwa.2009.08.052",
url = "http://www.sciencedirect.com/science/article/pii/S0898122109006361",
author = "Frédéric Kuznik and Christian Obrecht and Gilles Rusaouen and Jean-Jacques Roux",
keywords = "Lattice Boltzmann method",
keywords = "Graphics Processing Unit",
keywords = "Fluid flow",
keywords = "Multi-threaded architecture "
}

@article{gingold1977375,
  title={Smoothed particle hydrodynamics: theory and application to non-spherical stars},
  author={Gingold, Robert A and Monaghan, Joseph J},
  journal={Monthly notices of the royal astronomical society},
  volume=181,
  number=3,
  pages={375--389},
  year=1977,
  publisher={Oxford University Press}
}

@article{lucy19771013,
  title={A numerical approach to the testing of the fission hypothesis},
  author={Lucy, Leon B},
  journal={The astronomical journal},
  volume=82,
  pages={1013--1024},
  year=1977
}

@article{monaghan20051703,
  title={Smoothed particle hydrodynamics},
  author={Monaghan, Joe J},
  journal={Reports on progress in physics},
  volume=68,
  number=8,
  pages=1703,
  year=2005,
  publisher={IOP Publishing}
}

@inproceedings{muller2003particle,
  title={Particle-based fluid simulation for interactive applications},
  author={M{\"u}ller, Matthias and Charypar, David and Gross, Markus},
  booktitle={Proceedings of the 2003 ACM SIGGRAPH/Eurographics symposium on Computer animation},
  pages={154--159},
  year=2003,
  organization={Eurographics Association}
}

@book{desbrun1996smoothed,
  title={Smoothed particles: A new paradigm for animating highly deformable bodies},
  author={Desbrun, Mathieu and Gascuel, Marie-Paule},
  year=1996,
  publisher={Springer}
}

@article{gomez2010state,
  title={State-of-the-art of classical {SPH} for free-surface flows},
  author={Gomez-Gesteira, Moncho and Rogers, Benedict D and Dalrymple, Robert A and Crespo, Alex JC},
  journal={Journal of Hydraulic Research},
  volume=48,
  number={S1},
  pages={6--27},
  year=2010,
  publisher={Taylor \& Francis}
}

@article{skeel1993variable,
  title={Variable step size destabilizes the {St{\"o}rmer/leapfrog/Verlet} method},
  author={Skeel, Robert D},
  journal={BIT Numerical Mathematics},
  volume=33,
  number=1,
  pages={172--175},
  year=1993,
  publisher={Springer}
}

@article{springel2001gadget,
  title={{GADGET}: a code for collisionless and gasdynamical cosmological simulations},
  author={Springel, Volker and Yoshida, Naoki and White, Simon DM},
  journal={New Astronomy},
  volume=6,
  number=2,
  pages={79--117},
  year=2001,
  publisher={Elsevier}
}

@article{wetzstein2009vine,
  author={M. Wetzstein and Andrew F. Nelson and T. Naab and A. Burkert},
  title={{VINE} -- A Numerical Code for Simulating Astrophysical Systems Using
                  Particles. I. Description of the Physics and the Numerical Methods},
  journal={The Astrophysical Journal Supplement Series},
  volume=184,
  number=2,
  pages=298,
  url={http://stacks.iop.org/0067-0049/184/i=2/a=298},
  year=2009,
}

@phdthesis{rawiraswattana2012dynamics,
  title={The Dynamics of Discs and Stars in Multiple Systems},
  author={Rawiraswattana, Krisada},
  year=2012,
  school={University of Sheffield}
}

@article{Muller2007109,
title = "Position based dynamics ",
journal = "Journal of Visual Communication and Image Representation ",
volume = 18,
number = 2,
pages = "109 - 118",
year = 2007,
issn = "1047-3203",
doi = "http://dx.doi.org/10.1016/j.jvcir.2007.01.005",
url = "http://www.sciencedirect.com/science/article/pii/S1047320307000065",
author = "Matthias Müller and Bruno Heidelberger and Marcus Hennix and John Ratcliff",
keywords = "Physically based simulation",
keywords = "Game physics",
keywords = "Integration schemes",
keywords = "Cloth simulation "
}

@article{macklin2013position,
 author = {Macklin, Miles and M\"{u}ller, Matthias},
 title = {Position Based Fluids},
 journal = {ACM Trans. Graph.},
 issue_date = {July 2013},
 volume = 32,
 number = 4,
 month = jul,
 year = 2013,
 issn = {0730-0301},
 pages = {104:1--104:12},
 articleno = 104,
 numpages = 12,
 url = {http://doi.acm.org/10.1145/2461912.2461984},
 doi = {10.1145/2461912.2461984},
 acmid = 2461984,
 publisher = {ACM},
 address = {New York, NY, USA},
 keywords = {PCISPH, SPH, constraint fluids, fluid simulation, position based dynamics},
}

@inproceedings{becker2007weakly,
 author = {Becker, Markus and Teschner, Matthias},
 title = {Weakly Compressible {SPH} for Free Surface Flows},
 booktitle = {Proceedings of the 2007 ACM SIGGRAPH/Eurographics Symposium on Computer Animation},
 series = {SCA '07},
 year = 2007,
 isbn = {978-1-59593-624-0},
 location = {San Diego, California},
 pages = {209--217},
 numpages = 9,
 url = {http://dl.acm.org/citation.cfm?id=1272690.1272719},
 acmid = 1272719,
 publisher = {Eurographics Association},
 address = {Aire-la-Ville, Switzerland, Switzerland},
 keywords = {Tait equation, fluid dynamics, physically-based simulation, smoothed particle hydrodynamics, surface tension, volume preservation},
} 

@article{Colagrossi2003448,
title = "Numerical simulation of interfacial flows by smoothed particle hydrodynamics ",
journal = "Journal of Computational Physics ",
volume = 191,
number = 2,
pages = "448 - 475",
year = 2003,
issn = "0021-9991",
doi = "http://dx.doi.org/10.1016/S0021-9991(03)00324-3",
url = "http://www.sciencedirect.com/science/article/pii/S0021999103003243",
author = "Andrea Colagrossi and Maurizio Landrini",
keywords = "Interface flows",
keywords = "Multi-phase flows",
keywords = "Fluid–structure interactions",
keywords = "Impact flows",
keywords = "Air-cushion effect",
keywords = "Smoothed particle hydrodynamics "
}

@article{Monaghan20091811,
title = "{SPH} particle boundary forces for arbitrary boundaries ",
journal = "Computer Physics Communications ",
volume = 180,
number = 10,
pages = "1811 - 1820",
year = 2009,
issn = "0010-4655",
doi = "http://dx.doi.org/10.1016/j.cpc.2009.05.008",
url = "http://www.sciencedirect.com/science/article/pii/S0010465509001544",
author = "J.J. Monaghan and J.B. Kajtar",
keywords = "SPH",
keywords = "Fluid dynamics",
keywords = "Boundaries "
}

@article{Feldman2007295,
author={Feldman, J.A. and Bonet, J.},
title={Dynamic refinement and boundary contact forces in {SPH} with applications in fluid
                  flow problems},
journal={International Journal for Numerical Methods in Engineering},
year=2007,
volume=72,
number=3,
pages={295-324},
doi={10.1002/nme.2010},
note={cited By 58},
url={http://www.scopus.com/inward/record.url?eid=2-s2.0-35248871097&partnerID=40&md5=91ce2c9879ce1f4e37d43eb0ef62e302},
document_type={Article},
source={Scopus},
}

@incollection{liang2009gpu,
  title={A GPU-based simulation of tsunami propagation and inundation},
  author={Liang, Wen-Yew and Hsieh, Tung-Ju and Satria, Muhammad T and Chang, Yang-Lang and Fang, Jyh-Perng and Chen, Chih-Chia and Han, Chin-Chuan},
  booktitle={Algorithms and Architectures for Parallel Processing},
  pages={593--603},
  year=2009,
  publisher={Springer}
}

@article{audusse2004fast,
  title={A fast and stable well-balanced scheme with hydrostatic reconstruction for shallow water flows},
  author={Audusse, Emmanuel and Bouchut, Fran{\c{c}}ois and Bristeau, Marie-Odile and Klein, Rupert and Perthame, Beno{\^\i}t},
  journal={SIAM Journal on Scientific Computing},
  volume=25,
  number=6,
  pages={2050--2065},
  year=2004,
  publisher={SIAM}
}

@incollection{segur2007tsunami,
year={2007},
isbn={978-3-540-71255-8},
booktitle={Tsunami and Nonlinear Waves},
editor={Kundu, Anjan},
doi={10.1007/978-3-540-71256-5_1},
title={Waves in shallow water, with emphasis on the tsunami of 2004},
url={http://dx.doi.org/10.1007/978-3-540-71256-5_1},
publisher={Springer Berlin Heidelberg},
author={Segur, Harvey},
pages={3-29},
language={English}
}

@article{brodtkorb2012efficient,
  title={Efficient shallow water simulations on GPUs: Implementation, visualization, verification, and validation},
  author={Brodtkorb, Andr{\'e} R and S{\ae}tra, Martin L and Altinakar, Mustafa},
  journal={Computers \& Fluids},
  volume=55,
  pages={1--12},
  year=2012,
  publisher={Elsevier}
}

@article{watts2003landslide,
  title={Landslide tsunami case studies using a Boussinesq model and a fully nonlinear tsunami generation model},
  author={Watts, Ph and Grilli, ST and Kirby, JT and Fryer, GJ and Tappin, DR},
  journal={Natural Hazards And Earth System Science},
  volume=3,
  number=5,
  pages={391--402},
  year=2003
}

@article{camassa1993integrable,
  title={An integrable shallow water equation with peaked solitons},
  author={Camassa, Roberto and Holm, Darryl D},
  journal={Physical Review Letters},
  volume=71,
  number=11,
  pages=1661,
  year=1993,
  publisher={APS}
}

@article{monaghan1985refined,
  title={A refined particle method for astrophysical problems},
  author={Monaghan, Joseph J and Lattanzio, John C},
  journal={Astronomy and astrophysics},
  volume=149,
  pages={135--143},
  year=1985
}

@article{Shao2003787,
title = "Incompressible {SPH} method for simulating Newtonian and non-Newtonian flows with
                  a free surface ",
journal = "Advances in Water Resources ",
volume = 26,
number = 7,
pages = "787 - 800",
year = 2003,
issn = "0309-1708",
doi = "http://dx.doi.org/10.1016/S0309-1708(03)00030-7",
url = "http://www.sciencedirect.com/science/article/pii/S0309170803000307",
author = "Songdong Shao and Edmond Y.M. Lo",
keywords = "SPH",
keywords = "Pressure projection",
keywords = "Free surface",
keywords = "Mudflow",
keywords = "Dam-break "
}

@article{Losasso2004simulating,
 author = {Losasso, Frank and Gibou, Fr{\'e}d{\'e}ric and Fedkiw, Ron},
 title = {Simulating Water and Smoke with an Octree Data Structure},
 journal = {ACM Trans. Graph.},
 issue_date = {August 2004},
 volume = 23,
 number = 3,
 month = aug,
 year = 2004,
 issn = {0730-0301},
 pages = {457--462},
 numpages = 6,
 url = {http://doi.acm.org/10.1145/1015706.1015745},
 doi = {10.1145/1015706.1015745},
 acmid = 1015745,
 publisher = {ACM},
 address = {New York, NY, USA},
 keywords = {adaptive mesh refinement, level set, octree data structure, particles, physics-based animation, smoke, water},
} 

@article{wang2012real,
  title={Real-time simulation of fluid scenes by smoothed particle hydrodynamics and marching cubes},
  author={Wang, Weihong and Jiang, Zhongzhou and Qiu, Honglin and Li, Wei},
  journal={Mathematical Problems in Engineering},
  volume=2012,
  year=2012,
  publisher={Hindawi Publishing Corporation}
}

@article{zhou2008real,
 author = {Zhou, Kun and Hou, Qiming and Wang, Rui and Guo, Baining},
 title = {Real-time {KD}-tree Construction on Graphics Hardware},
 journal = {ACM Trans. Graph.},
 issue_date = {December 2008},
 volume = 27,
 number = 5,
 month = dec,
 year = 2008,
 issn = {0730-0301},
 pages = {126:1--126:11},
 articleno = 126,
 numpages = 11,
 url = {http://doi.acm.org/10.1145/1409060.1409079},
 doi = {10.1145/1409060.1409079},
 acmid = 1409079,
 publisher = {ACM},
 address = {New York, NY, USA},
 keywords = {kd-tree, photon mapping, point cloud modeling, programable graphics hardware, ray tracing},
}

@inproceedings{goswami2010interactive,
 author = {Goswami, Prashant and Schlegel, Philipp and Solenthaler, Barbara and Pajarola, Renato},
 title = {Interactive {SPH} Simulation and Rendering on the {GPU}},
 booktitle = {Proceedings of the 2010 ACM SIGGRAPH/Eurographics Symposium on Computer Animation},
 series = {SCA '10},
 year = 2010,
 location = {Madrid, Spain},
 pages = {55--64},
 numpages = 10,
 url = {http://dl.acm.org/citation.cfm?id=1921427.1921437},
 acmid = 1921437,
 publisher = {Eurographics Association},
 address = {Aire-la-Ville, Switzerland, Switzerland},
}

@inproceedings{catto2005iterative,
  title={Iterative dynamics with temporal coherence},
  author={Catto, Erin},
  booktitle={Game developer conference},
  volume=2,
  pages=5,
  year=2005
}

@article{danielsen2005asian,
  title={The {Asian} tsunami: a protective role for coastal vegetation},
  author={Danielsen, Finn and S{\o}rensen, Mikael K and Olwig, Mette F and Selvam,
                  Vaithilingam and Parish, Faizal and Burgess, Neil D and Hiraishi,
                  Tetsuya and Karunagaran, Vagarappa M and Rasmussen, Michael S and
                  Hansen, Lars B and others},
  journal={Science(Washington)},
  volume=310,
  number=5748,
  pages=643,
  year=2005
}

@article{kathiresan2005601,
  title = "Coastal mangrove forests mitigated tsunami ",
  journal = "Estuarine, Coastal and Shelf Science ",
  volume = 65,
  number = 3,
  pages = "601 - 606",
  year = 2005,
  issn = "0272-7714",
  doi = "http://dx.doi.org/10.1016/j.ecss.2005.06.022",
  url = "http://www.sciencedirect.com/science/article/pii/S0272771405002246",
  author = "Kandasamy Kathiresan and Narayanasamy Rajendran",
}

@article{yanagisawa200927,
  title = "The reduction effects of mangrove forest on a tsunami based on field surveys at
                  {Pakarang Cape, Thailand} and numerical analysis ",
  journal = "Estuarine, Coastal and Shelf Science ",
  volume = 81,
  number = 1,
  pages = "27 - 37",
  year = 2009,
  issn = "0272-7714",
  doi = "http://dx.doi.org/10.1016/j.ecss.2008.10.001",
  url = "http://www.sciencedirect.com/science/article/pii/S0272771408003831",
  author = "Hideaki Yanagisawa and Shunichi Koshimura and Kazuhisa Goto and Toyohiko
                  Miyagi and Fumihiko Imamura and Anat Ruangrassamee and Charlchai
                  Tanavud",
}

